%% Created using Papers on Tue, 06 Nov 2012.
%% http://mekentosj.com/papers/

@inproceedings{Rawat:2011bm,
author = {Rawat, S S and Rajamani, L},
title = {{Probability apriori based approach to mine rare association rules}},
booktitle = {Data Mining and Optimization (DMO), 2011 3rd Conference on},
year = {2011},
pages = {253--258}
}

@article{Liu:1999vk,
author = {Liu, B and Hsu, W and Ma, Y},
title = {{Mining association rules with multiple minimum supports}},
year = {1999},
pages = {337--341}
}

@inproceedings{Agrawal:1993fz,
author = {Agrawal, Rakesh and Imieli{\'n}ski, Tomasz and Swami, Arun},
title = {{Mining association rules between sets of items in large databases}},
booktitle = {SIGMOD '93: Proceedings of the 1993 ACM SIGMOD international conference on Management of data},
year = {1993},
publisher = { ACM  Request Permissions},
month = jun
}

@article{Sadhasivam:2011vs,
author = {Sadhasivam, KSC and Angamuthu, T},
title = {{Mining Rare Itemset with Automated Support Thresholds}},
journal = {Journal of Computer Science},
year = {2011}
}

@article{Weiss:2004tf,
author = {Weiss, G M},
title = {{Mining with rarity: a unifying framework}},
journal = {Sigkdd Explorations},
year = {2004},
volume = {6},
number = {1},
pages = {7--19}
}

@book{Witten:2011,
  author = {Witten, Ian H. and Frank, Eibe and Hall, Mark A.},
  biburl = {http://www.bibsonomy.org/bibtex/2f317b38c79737297cecf9b9bd8ef2f3f/flint63},
  edition = {3rd},
  groups = {public},
  interhash = {2626c7da45fec4b481e2e7fca4f43bd3},
  intrahash = {f317b38c79737297cecf9b9bd8ef2f3f},
  isbn = {978-0-12-374856-0},
  keywords = {v1205 zzz.vhb book ai learn data pattern recognition analysis tool java},
  publisher = {Morgan Kaufmann},
  timestamp = {2012-05-30T10:56:04.000+0200},
  title = {Data Mining: Practical Machine Learning Tools and Techniques},
  url = {http://www.sciencedirect.com/science/book/9780123748560},
  year = {2011}
}

@book{Zaki:2012,
  author = {Zaki, M. and Junior, W. Meira},
  title = {Fundamentals of Data Mining Algorithms},
  publisher = {Cambridge},
  edition = {draft},
  year = {2012}
}


